@article{linial92,
  author = 	 {Nathan Linial},
  title = 	 {Locality in Distributed Graph Algorithms},
  journal = 	 {SIAM Journal on Computing},
  year = 	 1992,
  volume =	 21,
  number =	 1,
  pages =	 {193--201}
}

@inproceedings{BEG18,
  title={Locally-Iterative Distributed ({$\Delta+ 1$})-Coloring below {Szegedy-Vishwanathan} Barrier, and Applications to Self-Stabilization and to Restricted-Bandwidth Models},
  author={Barenboim, Leonid and Elkin, Michael and Goldenberg, Uri},
  booktitle={Proc.\ 37th ACM Symp.\ on Principles of Distributed Computing (PODC)},
  pages={437--446},
  year={2018}
}

@inproceedings{EPS15,
  title={{($2\Delta-1$)}-edge-coloring is much easier than maximal matching in the distributed setting},
  author={Elkin, Michael and Pettie, Seth and Su, Hsin-Hao},
  booktitle={Proceedings of the twenty-sixth annual ACM-SIAM Symposium on Discrete Algorithms},
  pages={355--370},
  year={2015}
}

%% Chernoff w/ negative dependence
@article{DubhashiRanjan98,
  author    = {Devdatt P. Dubhashi and
               Desh Ranjan},
  title     = {Balls and bins: {A} study in negative dependence},
  journal   = {Random Struct. Algorithms},
  volume    = {13},
  number    = {2},
  pages     = {99--124},
  year      = {1998},
}
  url       = {https://doi.org/10.1002/(SICI)1098-2418(199809)13:2\<99::AID-RSA1\>3.0.CO;2-M},
  doi       = {10.1002/(SICI)1098-2418(199809)13:2\<99::AID-RSA1\>3.0.CO;2-M},



@article{RG19,
  author    = {V{\'{a}}clav Rozho\v{n} and
               Mohsen Ghaffari},
  title     = {Polylogarithmic-Time Deterministic Network Decomposition and Distributed
               Derandomization},
  journal   = {CoRR},
  volume    = {abs/1907.10937},
  year      = {2019},
  url       = {http://arxiv.org/abs/1907.10937}
}


@article{chernoffLimited95,
  author    = {Jeanette P. Schmidt and
               Alan Siegel and
               Aravind Srinivasan},
  title     = {{Chernoff-Hoeffding} Bounds for Applications with Limited Independence},
  journal   = {{SIAM} J. Discrete Math.},
  volume    = {8},
  number    = {2},
  pages     = {223--250},
  year      = {1995}
}

@article{Vadhan12,
  author    = {Salil P. Vadhan},
  title     = {Pseudorandomness},
  journal   = {Foundations and Trends in Theoretical Computer Science},
  volume    = 7,
  number    = {1-3},
  pages     = {1--336},
  year      = 2012
}

@misc{RG19personal,
  author    = {V{\'{a}}clav Rozho\v{n} and
               Mohsen Ghaffari and Christoph Grunau},
  title     = {Personal communication},
  year      = {2019}
}

@InProceedings{barenboim15,
  author =       {Leonid Barenboim},
  title =        {Deterministic ({$\Delta$} + 1)-Coloring in Sublinear (in {$\Delta$}) Time in Static, Dynamic and Faulty Networks},
  booktitle = {Proc.~34th Symp.\ on Principles
                 of Distributed Computing (PODC)},
  year =      2015,
  pages =     {345--354}}
  
@InProceedings{kuhn20_coloring,
  author = 	 {Fabian Kuhn},
  title = 	 {Faster Deterministic Distributed Coloring Through Recursive List Coloring},
  booktitle = {Proc.\ 31st {ACM-SIAM} Symp.\ on Discrete Algorithms (SODA)},
  year = 	 2020,
  pages = 	 {1244--1259}}
  
@inproceedings{stoc17_complexity,
  title={On the Complexity of Local Distributed Graph Problems},
  author={Ghaffari, M. and Kuhn, F. and Maus, Y.},
	booktitle={Proc.\ 49th ACM Symp.\ on Theory of Computing (STOC)},
  pages={784--797},
  year=2017
}


@Book{barenboimelkin_book,
  author = 	 {Leonid Barenboim and Michael Elkin},
  title = 	 {Distributed Graph Coloring: Fundamentals and Recent Developments},
  publisher = 	 {Morgan \& Claypool Publishers},
  year = 	 2013}
  
@InProceedings{Kuhn2006On,
  author =       {F. Kuhn and R. Wattenhofer},
  title =        {On the Complexity of Distributed Graph Coloring},
  booktitle =    {Proc.~25th ACM Symp.\ on Principles
                 of Distributed Computing (PODC)},
  year =         2006,
  pages =        {7--15}
}

@Book{peleg00,
  author =	 {D. Peleg},
  title = 	 {Distributed Computing: A Locality-Sensitive Approach},
  publisher = 	 {SIAM},
  year = 	 2000
}

@InProceedings{barenboim10,
  author = 	 {Leonid Barenboim and Michael Elkin},
  title = 	 {Deterministic Distributed Vertex Coloring in Polylogarithmic Time},
  booktitle = {Proc.\ 29th Symp.\ on Principles of Distributed Computing (PODC)},
  year = 	 2010}
  
@InProceedings{BEPS12,
  author = 	 {Leonid Barenboim and Michael Elkin and Seth Pettie and Johannes Schneider},
  title = 	 {The Locality of Distributed Symmetry Breaking},
  booktitle = {Proc.\ 53th Symp.\ on Foundations of Computer Science (FOCS)},
  year = 	 2012}
  
@Article{luby86,
  author = 	 {M. Luby},
  title = 	 {A Simple Parallel Algorithm for the Maximal Independent 
                  Set Problem},
  journal = 	 {SIAM J.\ on Computing},
  year = 	 1986,
  volume =	 15,
  pages =	 {1036--1053}
}

@article{alon86,
  author =       {N. Alon and L. Babai and A. Itai},
  title =        {A Fast and Simple Randomized Parallel Algorithm for the 
                  Maximal Independent Set Problem},
  journal =      {J.\ of Algorithms},
  volume =       7,
  number =       4,
  year =         1986,
  pages =        {567--583}
}

@InProceedings{chang18_coloring,
  author = 	 {Y.-J. Chang and W. Li and S. Pettie},
  title = 	 {An Optimal Distributed {$(\Delta+1)$}-Coloring Algorithm?},
  booktitle = {Proc.\ 50th ACM Symp.\ on Theory of Computing (STOC)},
  year = 	 2018,
  pages = 	 {445--456}
}

@inproceedings{derandomization_FOCS18,
  title={On derandomizing local distributed algorithms},
  author={M. Ghaffari and D. G. Harris and F. Kuhn},
  booktitle={Proc.\ 59th Symp.\ on Foundations of Computer Science (FOCS)},
  pages={662--673},
  year={2018}
}

@article{BEK15,
  author =       {Leonid Barenboim and Michael Elkin and Fabian Kuhn},
  title =        {Distributed {$(\Delta+1)$}-Coloring in Linear (in {$\Delta$}) Time},
  journal =      {SIAM J.\ on Computing},
  year =         2015,
  volume =    43,
  number =    1,
  pages =     {72--95}}
  
%% This is often cited for 2-hop coloring for wireless
 @article{KMR01,
  title={Models and approximation algorithms for channel assignment in radio networks},
  author={Krumke, Sven O and Marathe, Madhav V and Ravi, SS},
  journal={Wireless networks},
  volume={7},
  number={6},
  pages={575--584},
  year={2001},
  publisher={Springer}
}
  
@InProceedings{fraigniaud16,
  author    = {Pierre Fraigniaud and
               Marc Heinrich and
               Adrian Kosowski},
  title     = {Local Conflict Coloring},
  booktitle   = {Proc.~57th Symp.\ on Foundations of Computer Science (FOCS)},
  year      = {2016}
}

@article{johansson99,
  author    = {{\"{O}}. Johansson},
  title     = {Simple Distributed \emph{Delta}+1-coloring of Graphs},
  journal   = {Inf. Process. Lett.},
  volume    = {70},
  number    = {5},
  pages     = {229--232},
  year      = {1999}
}

@inproceedings{ghaffari19,
  author    = {Mohsen Ghaffari},
  title     = {Distributed Maximal Independent Set using Small Messages},
  booktitle = {Proc.\ 30th {ACM-SIAM} Symposium on Discrete
               Algorithms (SODA)},
  pages     = {805--820},
  year      = {2019}
}

@article{det_congest_coloring,
  author    = {Philipp Bamberger and
               Fabian Kuhn and
               Yannic Maus},
  title     = {Efficient Deterministic Distributed Coloring with Small Bandwidth},
  journal   = {CoRR},
  volume    = {abs/1912.02814},
  year      = {2019}}
  
@Article{razborov92,
  author = 	 {A. A. Razborov},
  title = 	 {On the Distributional Complexity of Disjointness},
  journal = 	 {Theor.\ Comp.\ Sci.},
  year = 	 1992,
  volume = 	 106,
  pages = 	 {385--390}}

@Article{kalyanasundaram92,
  author = 	 {B. Kalyanasundaram and G. Schnitger},
  title = 	 {The Probabilistic Communication Complexity of Set Intersection},
  journal = 	 {SIAM J.\ Discrete Math},
  year = 	 1992,
  volume = 	 5,
  number =       4,
  pages = 	 {545--557}}
  
  @inproceedings{DKM19,
  author    = {Janosch Deurer and
               Fabian Kuhn and
               Yannic Maus},
  title     = {Deterministic Distributed Dominating Set Approximation in the {CONGEST}
               Model},
  booktitle = {Proc.\ 38th {ACM} Symp.\ on Principles of Distributed
               Computing (PODC)},
  pages     = {94--103},
  year      = {2019}
}

@inproceedings{CPS17,
  author    = {Keren Censor{-}Hillel and
               Merav Parter and
               Gregory Schwartzman},
  title     = {Derandomizing Local Distributed Algorithms under Bandwidth Restrictions},
  booktitle = {Proc.\ 31st Symp. on Distributed Computing (DISC)},
  pages     = {11:1--11:16},
  year      = {2017}
}

@inproceedings{DISC18_DomSet,
  author    = {M. Ghaffari and
               F. Kuhn},
  title     = {Derandomizing Distributed Algorithms with Small Messages: Spanners
               and Dominating Set},
  booktitle = {Proc.\ 32nd Symp.\ on Distributed Computing (DISC)},
  pages     = {29:1--29:17},
  year      = {2018}
}

@inproceedings{BambergerGKMU19,
  author    = {Philipp Bamberger and
               Mohsen Ghaffari and
               Fabian Kuhn and
               Yannic Maus and
               Jara Uitto},
  title     = {On the Complexity of Distributed Splitting Problems},
  booktitle = {Proc.\ 38th {ACM} Symposium on Principles of Distributed
               Computing (PODC)},
  pages     = {280--289},
  year      = {2019}
}